@article{Tu,
	title={On dynamic mode decomposition: theory and applications},
	author={Tu, Jonathan H and Rowley, Clarence W and Luchtenburg, Dirk M and Brunton, Steven L and Kutz, J Nathan},
	journal={arXiv preprint arXiv:1312.0041},
	year={2013}
}
@article{jovanovic,
	title={Low-rank and sparse dynamic mode decomposition},
	author={Jovanovic, MR and Schmid, PJ and Nichols, JW},
	journal={Center for Turbulence Research Annual Research Briefs},
	volume={2012},
	pages={139--152},
	year={2012},
	publisher={Center for Turbulence Research, Stanford Univ. Stanford, CA}
}

@article{dmdVariants,
	title={Variants of dynamic mode decomposition: boundary condition, Koopman, and Fourier analyses},
	author={Chen, Kevin K and Tu, Jonathan H and Rowley, Clarence W},
	journal={Journal of nonlinear science},
	volume={22},
	number={6},
	pages={887--915},
	year={2012},
	publisher={Springer}}
@article{schmid08,
	title={Dynamic Mode Decomposition of numerical and experimental data},
	author={Schmid, PJ and Sesterhenn, JL},
	journal={Bull. Amer. Phys. Soc},
	year={2008}
}
%% This BibTeX bibliography file was created using BibDesk.
%% http://bibdesk.sourceforge.net/


%% Created for Seth Johnson at 2010-01-15 15:01:56 -0500 


%% Saved with string encoding Unicode (UTF-8) 

@inproceedings{abdo2018data,
  title={{Data-Driven Surrogate Model to Predict Isotopic Composition Using Dynamic Mode Decomposition}},
  author={Abdo, M. and Elzohery, R. and Roberts, J.A.},
  booktitle={PHYSOR},
  year={2018}
}

@article{elzohery2018cbg,
  title={{Comparison Between Gaussian Processes and DMD Surrogates for Isotopic Composition Prediction}},
  author={Elzohery, R. and Abdo, M. and Roberts, J.A.},
  journal={Trans. Am. Nucl. Soc.},
  volume={118},
  year={2018}
}

@article{alfonsi2018dhc,
  title={{Decay Heat Curve Generation for High Temperature Reactors Using Exponentials, Support Vector Machines and Dynamic Mode Decomposition Within the RAVEN Framework}},
  author={ Alfonsi, A. and Hummel, A. and Sen, S. and Strydom, G. and Gougar, H.},
  journal={Trans. Am. Nucl. Soc.},
  volume={118},
  year={2018}
}

@article{wang2017usa,
  title={{Uncertainty and Sensitivity Analysis of TREAT Transient Test 15}},
  author={Wang, C. and Schuner, S. and Tablot, P.W. and Baker, B. and Wang, Y. and Ortensi, J. and Gleicher, F. and DeHart, M. and Rabiti, C.},
  journal={Trans. Am. Nucl. Soc.},
  volume={116},
  pages={625--628},
  year={2017}
}

@book{kutz2016dynamic,
  title={Dynamic Mode Decomposition: Data-Driven Modeling of Complex Systems},
  author={Kutz, J Nathan and Brunton, Steven L and Brunton, Bingni W and Proctor, Joshua L},
  year={2016},
  publisher={SIAM}
}

@article{schmid2010dynamic,
  title={Dynamic mode decomposition of numerical and experimental data},
  author={Schmid, Peter J},
  journal={Journal of fluid mechanics},
  volume={656},
  pages={5--28},
  year={2010},
  publisher={Cambridge University Press}
}
@unknown{unknown,
author = {Wu, Xu and Wang, Chen and Kozlowski, Tomasz},
year = {2017},
month = {04},
pages = {},
title = {Kriging-based Surrogate Models for Uncertainty Quantification and Sensitivity Analysis}
}
@article{wu2018kriging,
  title={Kriging-based inverse uncertainty quantification of nuclear fuel performance code BISON fission gas release model using time series measurement data},
  author={Wu, Xu and Kozlowski, Tomasz and Meidani, Hadi},
  journal={Reliability Engineering \& System Safety},
  volume={169},
  pages={422--436},
  year={2018},
  publisher={Elsevier}
}
@article{nguyen2017surrogate,
  title={Surrogate-based multi-experiment calibration of the BISON fission gas behavior model},
  author={Nguyen, Tat Nghia and Downar, Thomas J},
  journal={Nuclear Engineering and Design},
  volume={320},
  pages={409--417},
  year={2017},
  publisher={Elsevier}
}
@techreport{eldred2006dakota,
  title={DAKOTA, a multilevel parallel object-oriented framework for design optimization, parameter estimation, uncertainty quantification, and sensitivity analysis},
  author={Eldred, Michael S and Giunta, Anthony A and van Bloemen Waanders, Bart G and Wojtkiewicz, Steven F and Hart, William E and Alleva, Mario P},
  year={2006},
  institution={Tech. Rep. SAND2006-6337, Sandia National Laboratories}
}
@article{DMDphysor,
  title={Data-Driven Surrogate Model to Predict Isotopic Composition Using Dynamic Mode Decomposition},
  author={Abdo, Mohammad and Elzohery,Rabab and Roberts,Jeremey},
  journal={Submitted to  PHYSOR 2018},
  pages={},
  year={}
}
@article{leppanen2013serpent,
  title={Serpent--a continuous-energy Monte Carlo reactor physics burnup calculation code},
  author={Lepp{\"a}nen, Jaakko},
  journal={VTT Technical Research Centre of Finland},
  volume={4},
  year={2013}
}
@article{bowman2011scale,
  title={SCALE 6: comprehensive nuclear safety analysis code system},
  author={Bowman, Steven M},
  journal={Nuclear technology},
  volume={174},
  number={2},
  pages={126--148},
  year={2011},
  publisher={Taylor \& Francis}
}
@article{robertsUQ,
	title={Estimating burnup uncertainties in KSU TRIGA Mark II reactor and their impact on reactor safety},
	author={Gairola, A and Alshogeathri, S and Cheng, Y and Laramore, D and Bindra, H and Roberts, J},
	journal={Progress in Nuclear Energy},
	volume={99},
	pages={177--184},
	year={2017},
	publisher={Elsevier}
}
@article{bowman2011scale,
  title={SCALE 6: comprehensive nuclear safety analysis code system},
  author={Bowman, Steven M},
  journal={Nuclear Technology},
  volume={174},
  number={2},
  pages={126--148},
  year={2011},
  publisher={Taylor \& Francis}
}

@article{jovanovic2014sparsity,
  title={{Sparsity-Promoting Dynamic mode Decomposition}},
  author={Jovanovi{\'c}, M.R. and Schmid, P.J. and Nichols, J.W.},
  journal={Physics of Fluids},
  volume={26},
  number={2},
  pages={024103},
  year={2014},
  publisher={AIP}
}

@article{demo2018pydmd,
  title={PyDMD: Python Dynamic Mode Decomposition},
  author={Demo, N. and Tezzele, M. and Rozza, G.},
  journal={The Journal of Open Source Software},
  volume={3},
  number={22},
  pages={530},
  year={2018}
}

@techreport{anl,
  title={Argonne Code Center: Benchmark Problem Book},
  number={ANL-7416},
  institution={Argonne National Laboratory},
  year={1972}
}

@Misc{petsc,
       author = {Satish Balay and Shrirang Abhyankar and Mark~F. Adams and Jed Brown and Peter Brune
                 and Kris Buschelman and Lisandro Dalcin and Victor Eijkhout and William~D. Gropp
                 and Dinesh Kaushik and Matthew~G. Knepley and Dave~A. May and Lois Curfman McInnes
                 and Richard Tran Mills and Todd Munson and Karl Rupp and Patrick Sanan
                 and Barry~F. Smith and Stefano Zampini and Hong Zhang and Hong Zhang},
       title =  {{PETS}c {W}eb page},
       url =    {http://www.mcs.anl.gov/petsc},
       howpublished = {{http://www.mcs.anl.gov/petsc}},
       year = {2018}
     }

