
@article{serpent,
  title={The Serpent Monte Carlo code: Status, development and applications in 2013},
  author={Lepp{\"a}nen, Jaakko and Pusa, Maria and Viitanen, Tuomas and Valtavirta, Ville and Kaltiaisenaho, Toni},
  journal={Annals of Nuclear Energy},
  volume={82},
  pages={142--150},
  year={2015},
  publisher={Elsevier}
}

@url{website,
	Date-Added = {2011-09-20 09:03:30 -0400},
	Date-Modified = {2011-09-20 09:04:56 -0400},
	Title = {{Spallation Neutron Source: The next-generation neutron-scattering facility for the United States}},
	Url = {http://www.sns.gov/documentation/sns_brochure.pdf},
	Urldate = {2002},
	Year = {2002}}

@book{book,
	Address = {City and Country},
	Author = {E. F. Author},
	Date-Added = {2011-09-20 09:02:16 -0400},
	Date-Modified = {2011-09-20 09:03:24 -0400},
	Publisher = {Publisher},
	Title = {Book Title in Italic},
	Year = {19xx}}

@book{UQbook,
	Address = {City and Country},
	Author = {R. C. Smith},
	Date-Added = {2011-09-20 09:02:16 -0400},
	Date-Modified = {2011-09-20 09:03:24 -0400},
	Publisher = {SIAM},
	Title = {Uncertainty quantification: theory, implementation, and applications},
	Year = {2013}}

@book{kutzbook,
	title={Dynamic Mode Decomposition: Data-Driven Modeling of Complex Systems},
	author={Kutz, J Nathan and Brunton, Steven L and Brunton, Bingni W and Proctor, Joshua L},
	year={2016},
	publisher={SIAM}
}



@conference{proc_paper,
	Address = {Locations},
	Author = {C. D. Author(s)},
	Booktitle = {Proceedings of Meeting in Italic},
	Date-Added = {2011-09-20 08:54:29 -0400},
	Date-Modified = {2011-09-20 08:56:57 -0400},
	Month = {Dates},
	Pages = {134-156},
	Title = {Article Title},
	Volume = {N},
	Year = {19xx}}
@conference{MLROM,
	Address = {},
	title={Development of Multi-Level Reduced Order Modeling Methodology},
	author={Abdo, Mohammad G and Abdel-Khalik, Hany S},
	booktitle={ANS Annual Meeting},
	volume={\textbf{256}},
	pages={130--140},
	year={2015}
}

@conference{Validation,
	title={Assessment of the Validation Domain of Reduced Order Modeling},
	author={Abdo, Mohammad G and Abdel-Khalik, Hany S},
	Address = {Locations},
	booktitle = {ANS Winter Meeting},
	Date-Added = {},
	Date-Modified = {},
	Month = {November 8-12},
	Pages = {1212--1216},
	Volume = {\textbf{113}},
	Year = {2015}	
}



@article{jovanovic,
	title={Low-rank and sparse dynamic mode decomposition},
	author={Jovanovic, MR and Schmid, PJ and Nichols, JW},
	journal={Center for Turbulence Research Annual Research Briefs},
	volume={2012},
	pages={139--152},
	year={2012},
	publisher={Center for Turbulence Research, Stanford Univ. Stanford, CA}
}

@article{Tu,
	title={On dynamic mode decomposition: theory and applications},
	author={Tu, Jonathan H and Rowley, Clarence W and Luchtenburg, Dirk M and Brunton, Steven L and Kutz, J Nathan},
	journal={arXiv preprint arXiv:1312.0041},
	year={2013}
}
@article{bbrunton,
	title={Extracting spatial--temporal coherent patterns in large-scale neural recordings using dynamic mode decomposition},
	author={Brunton, Bingni W and Johnson, Lise A and Ojemann, Jeffrey G and Kutz, J Nathan},
	journal={Journal of neuroscience methods},
	volume={258},
	pages={1--15},
	year={2016},
	publisher={Elsevier}
}

@article{sbrunton,
	title={Compressive sensing and low-rank libraries for classification of bifurcation regimes in nonlinear dynamical systems},
	author={Brunton, Steven L and Tu, Jonathan H and Bright, Ido and Kutz, J Nathan},
	journal={SIAM Journal on Applied Dynamical Systems},
	volume={13},
	number={4},
	pages={1716--1732},
	year={2014},
	publisher={SIAM}
}

@article{mrdmd,
	title={Multiresolution dynamic mode decomposition},
	author={Kutz, J Nathan and Fu, Xing and Brunton, Steven L},
	journal={SIAM Journal on Applied Dynamical Systems},
	volume={15},
	number={2},
	pages={713--735},
	year={2016},
	publisher={SIAM}
}

@article{dmdbackground,
	title={Dynamic mode decomposition for real-time background/foreground separation in video},
	author={Grosek, Jacob and Kutz, J Nathan},
	journal={arXiv preprint arXiv:1404.7592},
	year={2014}
}

@article{bruntonskoopman,
	title={Koopman invariant subspaces and finite linear representations of nonlinear dynamical systems for control},
	author={Brunton, Steven L and Brunton, Bingni W and Proctor, Joshua L and Kutz, J Nathan},
	journal={PloS one},
	volume={11},
	number={2},
	pages={e0150171},
	year={2016},
	publisher={Public Library of Science}
}

@article{nonlineardmd,
	title={Nonlinear model order reduction via dynamic mode decomposition},
	author={Alla, Alessandro and Kutz, J Nathan},
	journal={arXiv preprint arXiv:1602.05080},
	year={2016}
}

@article{subspacedmd,
	title={Subspace dynamic mode decomposition for stochastic Koopman analysis},
	author={Takeishi, Naoya and Kawahara, Yoshinobu and Yairi, Takehisa},
	journal={arXiv preprint arXiv:1705.04908},
	year={2017}
}

@article{robertsUQ,
	title={Estimating burnup uncertainties in KSU TRIGA Mark II reactor and their impact on reactor safety},
	author={Gairola, A and Alshogeathri, S and Cheng, Y and Laramore, D and Bindra, H and Roberts, J},
	journal={Progress in Nuclear Energy},
	volume={99},
	pages={177--184},
	year={2017},
	publisher={Elsevier}
}

@article{Dongli,
	title={Dimensionality reducibility for multi-physics reduced order modeling},
	author={Huang, Dongli and Abdel-Khalik, Hany and Rabiti, Cristian and Gleicher, Frederick},
	journal={Annals of Nuclear Energy},
	volume={110},
	pages={526--540},
	year={2017},
	publisher={Elsevier}
}



@inproceedings{AbdoFurther,
	title={Further Investigation of Employing Binomial Small-Sample Estimator in MLROM},
	author={Abdo, Mohammad G and Abdel-Khalik, Hany S},
	booktitle={Submitted to ANS Annual Meeting},
	pages={12--16}
}
@article{LIM,
	title={Prediction of tropical Atlantic sea surface temperatures using linear inverse modeling},
	author={Penland, C{\'e}cile and Matrosova, Ludmila},
	journal={Journal of Climate},
	volume={11},
	number={3},
	pages={483--496},
	year={1998}
}


@inproceedings{liu2017sensitivity,
	title={Sensitivity Analysis of Interfacial Momentum Closure Terms in Two Phase Flow and Boiling Simulations Using MCFD Solver},
	author={Liu, Yang and Rollins, Chad and Dinh, Nam and Luo, Hong},
	booktitle={ASME 2017 Heat Transfer Summer Conference},
	pages={V002T11A004--V002T11A004},
	year={2017},
	organization={American Society of Mechanical Engineers}
}

@inproceedings{abdo2014propagation,
	title={Propagation of Error Bounds due to Active Subspace Reduction},
	author={Abdo, Mohammad and Abdel-Khalik, Hany},
	year={2014},
	organization={Transactions of American Nuclear Society}
}


@inproceedings{bayesiandmd,
	title={Bayesian Dynamic Mode Decomposition},
	author={Takeishi, Naoya and Kawahara, Yoshinobu and Tabei, Yasuo and Yairi, Takehisa},
	booktitle={Proc. of the 26th Intâ€™l Joint Conf. on Artificial Intelligence (IJCAI)},
	pages={2814--2821},
	year={2017}
}




@article{journal,
	Author = {B. Author(s)},
	Date-Added = {2011-09-20 08:44:41 -0400},
	Date-Modified = {2011-09-20 09:06:40 -0400},
	Journal = {Journal Name in Italic},
	Pages = {34-89},
	Title = {Title},
	Volume = {in Bold},
	Year = {19xx}}
@article{chih-wei,
	title={A Study of Physics-Informed Deep Learning for System Fluid Dynamics Closures},
	author={Chang, Chih-Wei and Dinh, Nam}
}

@article{OntheFly,
	title={On-the-fly algorithm for Dynamic Mode Decomposition using Incremental Singular Value Decomposition and Total Least Squares},
	author={Matsumoto, Daiki and Indinger, Thomas},
	journal={arXiv preprint arXiv:1703.11004},
	year={2017}
}

@article{fbdmd,
	title={Characterizing and correcting for the effect of sensor noise in the dynamic mode decomposition},
	author={Dawson, Scott TM and Hemati, Maziar S and Williams, Matthew O and Rowley, Clarence W},
	journal={Experiments in Fluids},
	volume={57},
	number={3},
	pages={42},
	year={2016},
	publisher={Springer}
}

@article{dmdVariants,
	title={Variants of dynamic mode decomposition: boundary condition, Koopman, and Fourier analyses},
	author={Chen, Kevin K and Tu, Jonathan H and Rowley, Clarence W},
	journal={Journal of nonlinear science},
	volume={22},
	number={6},
	pages={887--915},
	year={2012},
	publisher={Springer}
}
@article{hanna2017coarse,
	title={Coarse-Grid Computational Fluid Dynamic (CG-CFD) Error Prediction using Machine Learning},
	author={Hanna, Botros N and Dinh, Nam T and Youngblood, Robert W and Bolotnov, Igor A},
	journal={arXiv preprint arXiv:1710.09105},
	year={2017}
}
@article{abdo2016efficient,
	title={Efficient active subspace identification via MLROM},
	author={Abdo, Mohammad G and Abdel-Khalik, Hany S},
	journal={Submitted to PHYSOR},
	pages={1--5},
	year={2016}
}

@inproceedings{abdofurther,
	title={Further Investigation of Employing Binomial Small-Sample Estimator in MLROM},
	author={Abdo, Mohammad G and Abdel-Khalik, Hany S},
	booktitle={Submitted to ANS Annual Meeting},
	pages={12--16}
}

@inproceedings{RAVEN2013,
	title={Raven as a tool for dynamic probabilistic risk assessment: Software overview},
	author={Alfonsi, A and Rabiti, C and Mandelli, D and Cogliati, J and Kinoshita, R},
	booktitle={Proceeding of M\&C2013 International Topical Meeting on Mathematics and Computation},
	year={2013}
}
@inproceedings{constantinegradientsketching,
	title={Computing active subspaces efficiently with gradient sketching},
	author={Constantine, Paul G and Eftekhari, Armin and Wakin, Michael B},
	booktitle={Computational Advances in Multi-Sensor Adaptive Processing (CAMSAP), 2015 IEEE 6th International Workshop on},
	pages={353--356},
	year={2015},
	organization={IEEE}
}
@inproceedings{abdo2015probabilistic,
	title={Probabilistic Error Bounds for Reduced Order Modeling},
	author={Abdo, Mohammad G and Abdel-Khalik, Hany S},
	year={2015}
}

@article{bang,
	title={Hybrid reduced order modeling applied to nonlinear models},
	author={Bang, Youngsuk and Abdel-Khalik, Hany S and Hite, Jason M},
	journal={International Journal for Numerical Methods in Engineering},
	volume={91},
	number={9},
	pages={929--949},
	year={2012},
	publisher={Wiley Online Library}
}

@article{schmid08,
	title={Dynamic Mode Decomposition of numerical and experimental data},
	author={Schmid, PJ and Sesterhenn, JL},
	journal={Bull. Amer. Phys. Soc},
	year={2008}
}
@article{schmid10,
	title={Dynamic mode decomposition of numerical and experimental data},
	author={Schmid, Peter J},
	journal={Journal of fluid mechanics},
	volume={656},
	pages={5--28},
	year={2010},
	publisher={Cambridge University Press}
}

@article{rowley,
	title={Spectral analysis of nonlinear flows},
	author={Rowley, Clarence W and Mezi{\'c}, Igor and Bagheri, Shervin and Schlatter, Philipp and Henningson, Dan S},
	journal={Journal of fluid mechanics},
	volume={641},
	pages={115--127},
	year={2009},
	publisher={Cambridge University Press}
}

@article{schmid2008bayesian,
	title={Bayesian spatio-temporal models based on discrete convolutions},
	author={Sans, {\'O} and Schmidt, Alexandra M and Nobre, Aline A and others},
	journal={Canadian Journal of Statistics},
	volume={36},
	number={2},
	pages={239--258},
	year={2008},
	publisher={Wiley Online Library}
}
@article{DAKOTA,
	title={DAKOTA, a multilevel parallel object-oriented framework for design optimization, parameter estimation, uncertainty quantification, and sensitivity analysis: version 5.0 userâ€™s manual},
	author={Adams, Brian M and Bohnhoff, WJ and Dalbey, KR and Eddy, JP and Eldred, MS and Gay, DM and Haskell, K and Hough, Patricia D and Swiler, LP},
	journal={Sandia National Laboratories, Tech. Rep. SAND2010-2183},
	year={2009}
}
@article{webster,
	title={A gradient-based sampling approach for dimension reduction of partial differential equations with stochastic coefficients},
	author={Stoyanov, Miroslav and Webster, Clayton G},
	journal={International Journal for Uncertainty Quantification},
	volume={5},
	number={1},
	year={2015},
	publisher={Begel House Inc.}
}
@article{constantine2012input,
	title={Input subspace detection for dimension reduction in high dimensional approximation},
	author={Constantine, Paul G and Wang, Qiqi},
	journal={arXiv preprint arXiv:1202.3508},
	year={2012}
}


@article{abdo2016efficient,
	title={Efficient active subspace identification via MLROM},
	author={Abdo, Mohammad G and Abdel-Khalik, Hany S}
}

@article{Halko,
	title={Finding structure with randomness: Probabilistic algorithms for constructing approximate matrix decompositions},
	author={Halko, Nathan and Martinsson, Per-Gunnar and Tropp, Joel A},
	journal={SIAM review},
	volume={53},
	number={2},
	pages={217--288},
	year={2011},
	publisher={SIAM}
}

@article{RSmith,
	title={Gradient free active subspace construction using Morris screening elementary effects},
	author={Lewis, Allison and Smith, Ralph and Williams, Brian},
	journal={Computers \& Mathematics with Applications},
	volume={72},
	number={6},
	pages={1603--1615},
	year={2016},
	publisher={Elsevier}
}

@phdthesis{AbdoPhD,
	author       = {Abdo, M. G.}, 
	title        = {Multi-Level Reduced Order Modeling Equipped with Probabilistic Error Bounds},
	school       = {North Carolina State University},
	year         = 2016,
}

@phdthesis{RussiPhD,
	author       = {Russi, T. M.}, 
	title        = {Uncertainty Quantification with Experimental Data and complex system models.},
	school       = {UC Berkeley},
	year         = 2010,
}

@phdthesis{AbdelkhalikPhD,
	author       = {Abdel-Khalik, H. S.}, 
	title        = {Adaptive Core Simulation},
	school       = {North Carolina State University},
	year         = 2004,
}
@techreport{RAVEN,
	title={System Reliability Analysis Capability and Surrogate Model Application in RAVEN},
	author={Rabiti, Cristian and Alfonsi, Andrea and Huang, Dongli and Gleicher, Frederick and Wang, Bei and Adbel-Khalik, Hany S and Pascucci, Valerio and Smith, Curtis L},
	year={2015},
	institution={Idaho National Laboratory, Idaho Falls, ID (United States)}
}

@techreport{RAVENManual,
	title={RAVEN Theory Manual},
	author={Alfonsi, Andrea and Rabiti, Cristian and Mandelli, Diego and Cogliati, Joshua Joseph and Wang, Congjian and Maljovec, Daniel Patrick and Talbot, Paul William and Smith, Curtis Lee},
	year={2016},
	institution={Idaho National Laboratory (INL), Idaho Falls, ID (United States)}
}
